<record><leader>00000cas a2200000 a 4500</leader><controlfield tag="001">11985915</controlfield><controlfield tag="008">850501c19059999ksucr ne      0    0eng d</controlfield><datafield ind1=" " ind2=" " tag="010"><subfield code="a">sn 85031295 </subfield></datafield><datafield ind1=" " ind2=" " tag="040"><subfield code="a">KSH</subfield><subfield code="b">eng</subfield><subfield code="c">KSH</subfield><subfield code="d">NPT</subfield><subfield code="d">OCL</subfield><subfield code="d">OCLCQ</subfield></datafield><datafield ind1=" " ind2=" " tag="042"><subfield code="a">msc</subfield></datafield><datafield ind1="0" ind2=" " tag="130"><subfield code="a">Sabetha herald (Sabetha, Kan. : 1905)</subfield></datafield><datafield ind1="1" ind2="4" tag="245"><subfield code="a">The Sabetha herald.</subfield></datafield><datafield ind1=" " ind2=" " tag="260"><subfield code="a">Sabetha, Kan. :</subfield><subfield code="b">[Ralph Tennal],</subfield><subfield code="c">1905-</subfield></datafield><datafield ind1=" " ind2=" " tag="300"><subfield code="a">v. :</subfield><subfield code="b">ill. ;</subfield><subfield code="c">44-56 cm.</subfield></datafield><datafield ind1=" " ind2=" " tag="310"><subfield code="a">Semiweekly,</subfield><subfield code="b">Nov. 1964-</subfield></datafield><datafield ind1=" " ind2=" " tag="321"><subfield code="a">Weekly,</subfield><subfield code="b">Nov. 30, 1905-Oct. 27, 1964</subfield></datafield><datafield ind1="0" ind2=" " tag="362"><subfield code="a">Vol. 29, no. 2 (Nov. 30, 1905)-</subfield></datafield><datafield ind1=" " ind2=" " tag="500"><subfield code="a">Publisher varies.</subfield></datafield><datafield ind1=" " ind2=" " tag="500"><subfield code="a">"Republican."</subfield></datafield><datafield ind1=" " ind2=" " tag="752"><subfield code="a">United States</subfield><subfield code="b">Kansas</subfield><subfield code="c">Nemaha</subfield><subfield code="d">Sabetha.</subfield></datafield><datafield ind1="0" ind2="0" tag="780"><subfield code="t">Sabetha republican-herald</subfield><subfield code="w">(DLC)sn 85031297</subfield></datafield><datafield ind1="0" ind2="5" tag="780"><subfield code="t">Sabetha republican</subfield><subfield code="g">July 13, 1927</subfield><subfield code="w">(DLC)sn 85031300</subfield></datafield><datafield ind1="0" ind2="5" tag="780"><subfield code="t">Sabetha star</subfield><subfield code="g">Dec. 1938</subfield><subfield code="w">(DLC)sn 85031293</subfield></datafield></record>